<?xml version="1.0" encoding="UTF-8"?><collection xmlns="http://www.loc.gov/MARC21/slim"><record><leader>00439nam--2200193-u-4500</leader><controlfield tag="001">000050891</controlfield><controlfield tag="002">20161230</controlfield><controlfield tag="005">20170225105613</controlfield><controlfield tag="008">080421s1000------------r-----000-0-eng-d</controlfield><datafield ind1=" " ind2=" " tag="040"><subfield code="a">IFIN-HH</subfield></datafield><datafield ind1=" " ind2=" " tag="080"><subfield code="a">51</subfield></datafield><datafield ind1="1" ind2=" " tag="100"><subfield code="a">Branzei, Dan</subfield></datafield><datafield ind1="1" ind2="0" tag="245"><subfield code="a">Asupra unor Triunghiuri Particulare</subfield></datafield><datafield ind1=" " ind2=" " tag="260"><subfield code="a">Timisoara</subfield><subfield code="c">1987</subfield></datafield><datafield ind1=" " ind2=" " tag="300"><subfield code="a">36 p</subfield></datafield><datafield ind1=" " ind2=" " tag="490"><subfield code="v">Vol. 48</subfield></datafield><datafield ind1=" " ind2=" " tag="700"><subfield code="a">Branzei, Rodica</subfield></datafield><datafield ind1=" " ind2=" " tag="852"><subfield code="c">51</subfield></datafield><datafield ind1=" " ind2=" " tag="CAT"><subfield code="a">SYS</subfield><subfield code="c">20170225</subfield><subfield code="h">105613</subfield></datafield></record></collection>